@Book{Behringer2009,
	author = {Stefan Behringer},
	title = {Unternehmensbewertung der Mittel- und Kleinbetriebe - Betriebswirtschaftliche Verfahrensweisen},
	isbn = {978 3 503 10085 9},
	issn = {1861-1753},
	publisher = {Erich Schmidt Verlag GmbH \& Co., Berlin 2009},
	year = {2009},
	keywords = {book}
}

@Book{Kuhner,
	author = {Christoph Kuhner, Helmut Maltry},
	title = {Unternehmensbewertung},
	isbn = {978 3 540 74304 0},
	publisher = {Springer-Verlag GmbH Deutschland},
	year = {2017},
	keywords = {book}
}

@Book{Ballwieser2016,
	author = {Wolfgang Ballwieser, Dirk Hachmeister},
	title = {Unternehmensbewertung - Prozess, Methoden und Probleme},
	isbn = {978 3 7910 3554 3},
	bestell-Nr. = {20018 0002},
	publisher = {Schäffer-Poeschel Verlag für Wirtschaft•Steuern•Recht GmbH},
	year = {2016},
	keywords = {book}
}

@ONLINE{report,
	author = {XXX Xx},
	title = {\texttt{123}},
	url = {http://xxx.com},
	note = {123456},
	keywords = {online}
}